<?xml version="1.0" encoding="UTF-8"?><collection xmlns="http://www.loc.gov/MARC21/slim"><record><leader>00376nam--2200121-i-4500</leader><controlfield tag="001">000036362</controlfield><controlfield tag="002">20161230</controlfield><controlfield tag="005">20161230201040</controlfield><controlfield tag="008">060222s1000------------r-----000-0-eng-d</controlfield><datafield ind1=" " ind2=" " tag="100"><subfield code="a">Pittman, Charles Uriah</subfield></datafield><datafield ind1=" " ind2=" " tag="245"><subfield code="a">The behaviour of nonoenes, polyenes and carboxylic acids in sulfuric acid system</subfield></datafield><datafield ind1=" " ind2=" " tag="260"><subfield code="a">Ann Arbor, Univ., Microfilms, Inc., 1964, Xvi + 204p</subfield></datafield><datafield ind1=" " ind2=" " tag="852"><subfield code="a">24037</subfield></datafield></record></collection>